[{"lastUpdateId": 6221931686370, "E": 1734983818281, "T": 1734983818271, "bids": [["0.0320400", "10245"], ["0.0320300", "64495"], ["0.0320200", "56169"], ["0.0320100", "81673"], ["0.0320000", "107416"], ["0.0319900", "100078"], ["0.0319800", "181162"], ["0.0319700", "168073"], ["0.0319600", "238714"], ["0.0319500", "191988"], ["0.0319400", "140193"], ["0.0319300", "128380"], ["0.0319200", "128423"], ["0.0319100", "36301"], ["0.0319000", "92417"], ["0.0318900", "46568"], ["0.0318800", "84734"], ["0.0318700", "43806"], ["0.0318600", "108606"], ["0.0318500", "265029"], ["0.0318400", "99508"], ["0.0318300", "45347"], ["0.0318200", "84991"], ["0.0318100", "153044"], ["0.0318000", "125476"], ["0.0317900", "145013"], ["0.0317800", "152295"], ["0.0317700", "119075"], ["0.0317600", "126433"], ["0.0317500", "167026"], ["0.0317400", "82312"], ["0.0317300", "135296"], ["0.0317200", "134898"], ["0.0317100", "204901"], ["0.0317000", "89433"], ["0.0316900", "15744"], ["0.0316800", "104721"], ["0.0316700", "25795"], ["0.0316600", "8298"], ["0.0316500", "63952"], ["0.0316400", "59683"], ["0.0316300", "385711"], ["0.0316200", "6332"], ["0.0316100", "982668"], ["0.0316000", "64831"], ["0.0315800", "130574"], ["0.0315700", "2205"], ["0.0315600", "247504"], ["0.0315400", "64816"], ["0.0315300", "349"], ["0.0315200", "214672"], ["0.0315100", "83963"], ["0.0315000", "302374"], ["0.0314900", "215902"], ["0.0314800", "857"], ["0.0314700", "38946"], ["0.0314600", "40045"], ["0.0314500", "279720"], ["0.0314300", "570"], ["0.0314200", "520"], ["0.0314000", "8116"], ["0.0313900", "814176"], ["0.0313800", "157744"], ["0.0313700", "153061"], ["0.0313600", "214778"], ["0.0313500", "1824"], ["0.0313400", "205321"], ["0.0313300", "22321"], ["0.0313200", "156263"], ["0.0313100", "197336"], ["0.0313000", "637"], ["0.0312900", "7996"], ["0.0312800", "625076"], ["0.0312700", "39531"], ["0.0312500", "185633"], ["0.0312400", "20234"], ["0.0312300", "294984"], ["0.0312200", "402507"], ["0.0312100", "204899"], ["0.0312000", "4487"], ["0.0311900", "7777"], ["0.0311800", "150965"], ["0.0311700", "167"], ["0.0311600", "211535"], ["0.0311500", "312847"], ["0.0311300", "7955"], ["0.0311100", "337"], ["0.0311000", "145980"], ["0.0310900", "354"], ["0.0310600", "286864"], ["0.0310500", "483813"], ["0.0310400", "187914"], ["0.0310200", "180928"], ["0.0310000", "223701"], ["0.0309900", "7777"], ["0.0309800", "678219"], ["0.0309700", "521"], ["0.0309600", "33914"], ["0.0309500", "178"], ["0.0309400", "153391"]], "asks": [["0.0320500", "11990"], ["0.0320600", "40919"], ["0.0320700", "70593"], ["0.0320800", "70665"], ["0.0320900", "88503"], ["0.0321000", "286503"], ["0.0321100", "141640"], ["0.0321200", "220084"], ["0.0321300", "90524"], ["0.0321400", "93663"], ["0.0321500", "222800"], ["0.0321600", "105207"], ["0.0321700", "133332"], ["0.0321800", "54066"], ["0.0321900", "153514"], ["0.0322000", "60982"], ["0.0322100", "123443"], ["0.0322200", "64895"], ["0.0322300", "19825"], ["0.0322400", "55025"], ["0.0322500", "106279"], ["0.0322600", "90247"], ["0.0322700", "102939"], ["0.0322800", "101367"], ["0.0322900", "19934"], ["0.0323000", "41392"], ["0.0323100", "77276"], ["0.0323200", "27662"], ["0.0323300", "104395"], ["0.0323400", "85329"], ["0.0323500", "12178"], ["0.0323600", "92351"], ["0.0323700", "12000"], ["0.0323800", "78081"], ["0.0323900", "229487"], ["0.0324000", "13125"], ["0.0324100", "104886"], ["0.0324200", "12868"], ["0.0324400", "13775"], ["0.0324500", "64287"], ["0.0324600", "16095"], ["0.0324700", "15396"], ["0.0324800", "515"], ["0.0324900", "71779"], ["0.0325000", "12311"], ["0.0325100", "223325"], ["0.0325200", "853"], ["0.0325300", "32"], ["0.0325400", "16794"], ["0.0325500", "89598"], ["0.0325600", "4888"], ["0.0325700", "26202"], ["0.0325800", "17388"], ["0.0325900", "70349"], ["0.0326000", "839"], ["0.0326100", "219"], ["0.0326200", "513"], ["0.0326300", "146940"], ["0.0326400", "850"], ["0.0326500", "29177"], ["0.0326600", "512"], ["0.0326700", "146751"], ["0.0326800", "122891"], ["0.0326900", "321"], ["0.0327000", "146764"], ["0.0327100", "7777"], ["0.0327300", "21379"], ["0.0327400", "292926"], ["0.0327500", "107480"], ["0.0327600", "336"], ["0.0327700", "297573"], ["0.0327800", "320"], ["0.0327900", "143176"], ["0.0328000", "438855"], ["0.0328100", "146151"], ["0.0328200", "146105"], ["0.0328300", "145455"], ["0.0328700", "319"], ["0.0328800", "397285"], ["0.0328900", "5227"], ["0.0329000", "479939"], ["0.0329100", "157"], ["0.0329200", "21255"], ["0.0329400", "7777"], ["0.0329500", "291150"], ["0.0329600", "178"], ["0.0329700", "318"], ["0.0329800", "570"], ["0.0330000", "31974"], ["0.0330100", "291430"], ["0.0330200", "145222"], ["0.0330400", "137409"], ["0.0330500", "777151"], ["0.0330600", "8094"], ["0.0330700", "51353"], ["0.0331100", "8110"], ["0.0331400", "10432"], ["0.0331500", "648"], ["0.0331700", "147573"], ["0.0332000", "424905"]], "timestamp": "2024-12-23T19:56:58.464311"}, {"lastUpdateId": 6221932910597, "E": 1734983828119, "T": 1734983828103, "bids": [["0.0320600", "18609"], ["0.0320500", "44967"], ["0.0320400", "40480"], ["0.0320300", "75046"], ["0.0320200", "120327"], ["0.0320100", "96511"], ["0.0320000", "212928"], ["0.0319900", "105148"], ["0.0319800", "186515"], ["0.0319700", "90611"], ["0.0319600", "148525"], ["0.0319500", "222670"], ["0.0319400", "140193"], ["0.0319300", "128380"], ["0.0319200", "97072"], ["0.0319100", "36301"], ["0.0319000", "92417"], ["0.0318900", "46568"], ["0.0318800", "84734"], ["0.0318700", "43806"], ["0.0318600", "160747"], ["0.0318500", "265029"], ["0.0318400", "99508"], ["0.0318300", "45347"], ["0.0318200", "84991"], ["0.0318100", "156184"], ["0.0318000", "125476"], ["0.0317900", "145013"], ["0.0317800", "152295"], ["0.0317700", "122219"], ["0.0317600", "63552"], ["0.0317500", "167026"], ["0.0317400", "82312"], ["0.0317300", "135296"], ["0.0317200", "134898"], ["0.0317100", "204901"], ["0.0317000", "89433"], ["0.0316900", "15744"], ["0.0316800", "104721"], ["0.0316700", "25795"], ["0.0316600", "8298"], ["0.0316500", "63952"], ["0.0316400", "59683"], ["0.0316300", "385711"], ["0.0316200", "6332"], ["0.0316100", "982668"], ["0.0316000", "64831"], ["0.0315800", "130574"], ["0.0315700", "2205"], ["0.0315600", "247504"], ["0.0315400", "64816"], ["0.0315300", "349"], ["0.0315200", "214672"], ["0.0315100", "83963"], ["0.0315000", "302374"], ["0.0314900", "215902"], ["0.0314800", "857"], ["0.0314700", "38946"], ["0.0314600", "40045"], ["0.0314500", "279720"], ["0.0314300", "570"], ["0.0314200", "520"], ["0.0314000", "8116"], ["0.0313900", "814176"], ["0.0313800", "157744"], ["0.0313700", "153061"], ["0.0313600", "214778"], ["0.0313500", "1824"], ["0.0313400", "205321"], ["0.0313300", "22321"], ["0.0313100", "197336"], ["0.0313000", "637"], ["0.0312900", "7996"], ["0.0312800", "625076"], ["0.0312700", "39531"], ["0.0312500", "185633"], ["0.0312400", "20234"], ["0.0312300", "294984"], ["0.0312200", "402507"], ["0.0312100", "204899"], ["0.0312000", "4487"], ["0.0311900", "7777"], ["0.0311800", "150965"], ["0.0311700", "167"], ["0.0311600", "211535"], ["0.0311500", "312847"], ["0.0311300", "7955"], ["0.0311100", "337"], ["0.0311000", "145980"], ["0.0310900", "354"], ["0.0310600", "286864"], ["0.0310500", "483813"], ["0.0310400", "30332"], ["0.0310200", "180928"], ["0.0310000", "223701"], ["0.0309900", "7777"], ["0.0309800", "678219"], ["0.0309700", "521"], ["0.0309600", "33914"], ["0.0309500", "178"]], "asks": [["0.0320700", "468"], ["0.0320800", "59337"], ["0.0320900", "109596"], ["0.0321000", "249056"], ["0.0321100", "52475"], ["0.0321200", "180081"], ["0.0321300", "97295"], ["0.0321400", "99618"], ["0.0321500", "148541"], ["0.0321600", "149832"], ["0.0321700", "192491"], ["0.0321800", "98710"], ["0.0321900", "146771"], ["0.0322000", "51762"], ["0.0322100", "123474"], ["0.0322200", "103104"], ["0.0322300", "51050"], ["0.0322400", "55025"], ["0.0322500", "106279"], ["0.0322600", "90247"], ["0.0322700", "102939"], ["0.0322800", "101367"], ["0.0322900", "19934"], ["0.0323000", "41392"], ["0.0323100", "77276"], ["0.0323200", "27662"], ["0.0323300", "104395"], ["0.0323400", "85329"], ["0.0323500", "12178"], ["0.0323600", "92351"], ["0.0323700", "12000"], ["0.0323800", "78081"], ["0.0323900", "229487"], ["0.0324000", "13125"], ["0.0324100", "104886"], ["0.0324200", "12868"], ["0.0324400", "13775"], ["0.0324500", "64287"], ["0.0324600", "16095"], ["0.0324700", "15396"], ["0.0324800", "515"], ["0.0324900", "71779"], ["0.0325000", "12311"], ["0.0325100", "223325"], ["0.0325200", "853"], ["0.0325300", "32"], ["0.0325400", "16794"], ["0.0325500", "89598"], ["0.0325600", "4888"], ["0.0325700", "26202"], ["0.0325800", "17388"], ["0.0325900", "70349"], ["0.0326000", "839"], ["0.0326100", "219"], ["0.0326200", "513"], ["0.0326300", "146940"], ["0.0326400", "850"], ["0.0326500", "29177"], ["0.0326600", "512"], ["0.0326700", "146751"], ["0.0326800", "122891"], ["0.0326900", "321"], ["0.0327000", "146764"], ["0.0327100", "13771"], ["0.0327300", "21379"], ["0.0327400", "292926"], ["0.0327500", "107480"], ["0.0327600", "336"], ["0.0327700", "297573"], ["0.0327800", "320"], ["0.0327900", "143176"], ["0.0328000", "438855"], ["0.0328100", "146151"], ["0.0328200", "146105"], ["0.0328300", "145455"], ["0.0328700", "319"], ["0.0328800", "397285"], ["0.0328900", "5227"], ["0.0329000", "479939"], ["0.0329100", "157"], ["0.0329200", "21255"], ["0.0329400", "7777"], ["0.0329500", "142692"], ["0.0329600", "178"], ["0.0329700", "318"], ["0.0329800", "570"], ["0.0330000", "31974"], ["0.0330100", "291430"], ["0.0330200", "145222"], ["0.0330400", "137409"], ["0.0330500", "777151"], ["0.0330600", "8094"], ["0.0330700", "51353"], ["0.0331100", "8110"], ["0.0331400", "10432"], ["0.0331500", "648"], ["0.0331700", "147573"], ["0.0332000", "424905"], ["0.0332200", "1512"], ["0.0332400", "25053"]], "timestamp": "2024-12-23T19:57:08.335678"}, {"lastUpdateId": 6221933642908, "E": 1734983833369, "T": 1734983833362, "bids": [["0.0320600", "14755"], ["0.0320500", "61069"], ["0.0320400", "47562"], ["0.0320300", "79771"], ["0.0320200", "111210"], ["0.0320100", "100742"], ["0.0320000", "212928"], ["0.0319900", "105148"], ["0.0319800", "186515"], ["0.0319700", "137529"], ["0.0319600", "148525"], ["0.0319500", "175722"], ["0.0319400", "140193"], ["0.0319300", "128380"], ["0.0319200", "97072"], ["0.0319100", "36301"], ["0.0319000", "92417"], ["0.0318900", "46568"], ["0.0318800", "84734"], ["0.0318700", "43806"], ["0.0318600", "160747"], ["0.0318500", "265029"], ["0.0318400", "99508"], ["0.0318300", "45347"], ["0.0318200", "84991"], ["0.0318100", "153044"], ["0.0318000", "125476"], ["0.0317900", "254115"], ["0.0317800", "152295"], ["0.0317700", "119075"], ["0.0317600", "63552"], ["0.0317500", "167026"], ["0.0317400", "82312"], ["0.0317300", "135296"], ["0.0317200", "134898"], ["0.0317100", "183085"], ["0.0317000", "89433"], ["0.0316900", "15744"], ["0.0316800", "104721"], ["0.0316700", "25795"], ["0.0316600", "8298"], ["0.0316500", "63952"], ["0.0316400", "59683"], ["0.0316300", "385711"], ["0.0316200", "6332"], ["0.0316100", "982668"], ["0.0316000", "64831"], ["0.0315800", "130574"], ["0.0315700", "5368"], ["0.0315600", "247504"], ["0.0315400", "64816"], ["0.0315300", "349"], ["0.0315200", "214672"], ["0.0315100", "83963"], ["0.0315000", "302374"], ["0.0314900", "215902"], ["0.0314800", "857"], ["0.0314700", "38946"], ["0.0314600", "40045"], ["0.0314500", "279720"], ["0.0314300", "570"], ["0.0314200", "520"], ["0.0314000", "8116"], ["0.0313900", "814176"], ["0.0313800", "157744"], ["0.0313700", "153061"], ["0.0313600", "214778"], ["0.0313500", "1824"], ["0.0313400", "205321"], ["0.0313300", "22321"], ["0.0313100", "197336"], ["0.0313000", "637"], ["0.0312900", "7996"], ["0.0312800", "625076"], ["0.0312700", "39531"], ["0.0312500", "185633"], ["0.0312400", "20234"], ["0.0312300", "294984"], ["0.0312200", "402507"], ["0.0312100", "204899"], ["0.0312000", "4487"], ["0.0311900", "7777"], ["0.0311800", "150965"], ["0.0311700", "167"], ["0.0311600", "211535"], ["0.0311500", "312847"], ["0.0311300", "7955"], ["0.0311100", "337"], ["0.0311000", "145980"], ["0.0310900", "354"], ["0.0310600", "286864"], ["0.0310500", "483813"], ["0.0310400", "30332"], ["0.0310200", "180928"], ["0.0310000", "223701"], ["0.0309900", "7777"], ["0.0309800", "678219"], ["0.0309700", "521"], ["0.0309600", "33914"], ["0.0309500", "178"]], "asks": [["0.0320800", "18833"], ["0.0320900", "69070"], ["0.0321000", "210139"], ["0.0321100", "153265"], ["0.0321200", "168632"], ["0.0321300", "56744"], ["0.0321400", "93663"], ["0.0321500", "141077"], ["0.0321600", "123380"], ["0.0321700", "140509"], ["0.0321800", "230047"], ["0.0321900", "115851"], ["0.0322000", "51762"], ["0.0322100", "123474"], ["0.0322200", "96719"], ["0.0322300", "19825"], ["0.0322400", "55025"], ["0.0322500", "146155"], ["0.0322600", "122066"], ["0.0322700", "102939"], ["0.0322800", "107629"], ["0.0322900", "41747"], ["0.0323000", "41392"], ["0.0323100", "77276"], ["0.0323200", "27662"], ["0.0323300", "104395"], ["0.0323400", "85329"], ["0.0323500", "12178"], ["0.0323600", "92351"], ["0.0323700", "12000"], ["0.0323800", "78081"], ["0.0323900", "229487"], ["0.0324000", "13125"], ["0.0324100", "104886"], ["0.0324200", "12868"], ["0.0324400", "13775"], ["0.0324500", "64287"], ["0.0324600", "16095"], ["0.0324700", "15396"], ["0.0324800", "515"], ["0.0324900", "71779"], ["0.0325000", "12311"], ["0.0325100", "223325"], ["0.0325200", "853"], ["0.0325300", "32"], ["0.0325400", "16794"], ["0.0325500", "89598"], ["0.0325600", "4888"], ["0.0325700", "26202"], ["0.0325800", "17388"], ["0.0325900", "70349"], ["0.0326000", "839"], ["0.0326100", "219"], ["0.0326200", "513"], ["0.0326300", "146940"], ["0.0326400", "850"], ["0.0326500", "29177"], ["0.0326600", "512"], ["0.0326700", "146751"], ["0.0326800", "122891"], ["0.0326900", "321"], ["0.0327000", "146764"], ["0.0327100", "13771"], ["0.0327300", "21379"], ["0.0327400", "292926"], ["0.0327500", "107480"], ["0.0327600", "336"], ["0.0327700", "297573"], ["0.0327800", "320"], ["0.0327900", "143176"], ["0.0328000", "438855"], ["0.0328100", "146151"], ["0.0328200", "146105"], ["0.0328300", "145455"], ["0.0328700", "319"], ["0.0328800", "397285"], ["0.0328900", "5227"], ["0.0329000", "479939"], ["0.0329100", "157"], ["0.0329200", "21255"], ["0.0329400", "7777"], ["0.0329500", "142692"], ["0.0329600", "178"], ["0.0329700", "318"], ["0.0329800", "570"], ["0.0330000", "31974"], ["0.0330100", "291430"], ["0.0330200", "145222"], ["0.0330400", "137409"], ["0.0330500", "777151"], ["0.0330600", "8094"], ["0.0330700", "51353"], ["0.0331100", "8110"], ["0.0331400", "10432"], ["0.0331500", "648"], ["0.0331700", "147573"], ["0.0332000", "424905"], ["0.0332200", "1512"], ["0.0332400", "25053"], ["0.0333000", "1121"]], "timestamp": "2024-12-23T19:57:13.691395"}, {"lastUpdateId": 6221934358453, "E": 1734983838915, "T": 1734983838904, "bids": [["0.0320500", "33257"], ["0.0320400", "48987"], ["0.0320300", "72181"], ["0.0320200", "118975"], ["0.0320100", "87156"], ["0.0320000", "143043"], ["0.0319900", "185693"], ["0.0319800", "186515"], ["0.0319700", "137529"], ["0.0319600", "148525"], ["0.0319500", "175722"], ["0.0319400", "140193"], ["0.0319300", "128380"], ["0.0319200", "97072"], ["0.0319100", "36301"], ["0.0319000", "92417"], ["0.0318900", "46568"], ["0.0318800", "84734"], ["0.0318700", "43806"], ["0.0318600", "160747"], ["0.0318500", "265029"], ["0.0318400", "99508"], ["0.0318300", "33347"], ["0.0318200", "84991"], ["0.0318100", "156184"], ["0.0318000", "125476"], ["0.0317900", "254115"], ["0.0317800", "152295"], ["0.0317700", "119075"], ["0.0317600", "63552"], ["0.0317500", "167026"], ["0.0317400", "82312"], ["0.0317300", "135296"], ["0.0317200", "156708"], ["0.0317100", "183085"], ["0.0317000", "89433"], ["0.0316900", "15744"], ["0.0316800", "104721"], ["0.0316700", "25795"], ["0.0316600", "27210"], ["0.0316500", "63952"], ["0.0316400", "59683"], ["0.0316300", "385711"], ["0.0316200", "6332"], ["0.0316100", "982668"], ["0.0316000", "64831"], ["0.0315800", "130574"], ["0.0315700", "5368"], ["0.0315600", "247504"], ["0.0315400", "64816"], ["0.0315300", "349"], ["0.0315200", "214672"], ["0.0315100", "83963"], ["0.0315000", "302374"], ["0.0314900", "215902"], ["0.0314800", "857"], ["0.0314700", "38946"], ["0.0314600", "40045"], ["0.0314500", "279720"], ["0.0314300", "570"], ["0.0314200", "520"], ["0.0314100", "23833"], ["0.0314000", "8116"], ["0.0313900", "814176"], ["0.0313800", "157744"], ["0.0313700", "153061"], ["0.0313600", "214778"], ["0.0313500", "1824"], ["0.0313400", "205321"], ["0.0313300", "22321"], ["0.0313100", "197336"], ["0.0313000", "637"], ["0.0312900", "7996"], ["0.0312800", "625076"], ["0.0312700", "39531"], ["0.0312500", "185633"], ["0.0312400", "20234"], ["0.0312300", "294984"], ["0.0312200", "402507"], ["0.0312100", "204899"], ["0.0312000", "4487"], ["0.0311900", "7777"], ["0.0311800", "150965"], ["0.0311700", "167"], ["0.0311600", "211535"], ["0.0311500", "312847"], ["0.0311300", "7955"], ["0.0311100", "337"], ["0.0311000", "145980"], ["0.0310900", "354"], ["0.0310600", "286864"], ["0.0310500", "483813"], ["0.0310400", "30332"], ["0.0310200", "180928"], ["0.0310000", "223701"], ["0.0309900", "7777"], ["0.0309800", "678219"], ["0.0309700", "521"], ["0.0309600", "33914"], ["0.0309500", "178"]], "asks": [["0.0320700", "35722"], ["0.0320800", "77960"], ["0.0320900", "83047"], ["0.0321000", "214513"], ["0.0321100", "143736"], ["0.0321200", "142632"], ["0.0321300", "56744"], ["0.0321400", "93663"], ["0.0321500", "141077"], ["0.0321600", "123380"], ["0.0321700", "132352"], ["0.0321800", "153742"], ["0.0321900", "159310"], ["0.0322000", "51576"], ["0.0322100", "123474"], ["0.0322200", "96326"], ["0.0322300", "19825"], ["0.0322400", "55025"], ["0.0322500", "138098"], ["0.0322600", "97709"], ["0.0322700", "165628"], ["0.0322800", "82637"], ["0.0322900", "49988"], ["0.0323000", "66384"], ["0.0323100", "77276"], ["0.0323200", "27662"], ["0.0323300", "104395"], ["0.0323400", "85329"], ["0.0323500", "12178"], ["0.0323600", "92351"], ["0.0323700", "12000"], ["0.0323800", "78081"], ["0.0323900", "229487"], ["0.0324000", "13125"], ["0.0324100", "104886"], ["0.0324200", "12868"], ["0.0324400", "13775"], ["0.0324500", "64287"], ["0.0324600", "16095"], ["0.0324700", "15396"], ["0.0324800", "515"], ["0.0324900", "71779"], ["0.0325000", "12311"], ["0.0325100", "223325"], ["0.0325200", "853"], ["0.0325300", "32"], ["0.0325400", "16794"], ["0.0325500", "89598"], ["0.0325600", "4888"], ["0.0325700", "26202"], ["0.0325800", "17388"], ["0.0325900", "70349"], ["0.0326000", "839"], ["0.0326100", "219"], ["0.0326200", "513"], ["0.0326300", "146940"], ["0.0326400", "850"], ["0.0326500", "29177"], ["0.0326600", "512"], ["0.0326700", "146751"], ["0.0326800", "122891"], ["0.0326900", "321"], ["0.0327000", "146764"], ["0.0327100", "13771"], ["0.0327300", "21379"], ["0.0327400", "292926"], ["0.0327500", "107480"], ["0.0327600", "336"], ["0.0327700", "297573"], ["0.0327800", "320"], ["0.0327900", "143176"], ["0.0328000", "438855"], ["0.0328100", "146151"], ["0.0328200", "146105"], ["0.0328300", "145455"], ["0.0328700", "319"], ["0.0328800", "397285"], ["0.0328900", "5227"], ["0.0329000", "479939"], ["0.0329100", "157"], ["0.0329200", "21255"], ["0.0329400", "7777"], ["0.0329500", "142692"], ["0.0329600", "178"], ["0.0329700", "318"], ["0.0329800", "570"], ["0.0330000", "31974"], ["0.0330100", "291430"], ["0.0330200", "145222"], ["0.0330400", "137409"], ["0.0330500", "777151"], ["0.0330600", "8094"], ["0.0330700", "51353"], ["0.0331100", "8110"], ["0.0331400", "10432"], ["0.0331500", "648"], ["0.0331700", "147573"], ["0.0332000", "424905"], ["0.0332200", "1512"], ["0.0332400", "25053"]], "timestamp": "2024-12-23T19:57:19.097490"}, {"lastUpdateId": 6221935104722, "E": 1734983844269, "T": 1734983844260, "bids": [["0.0320200", "17041"], ["0.0320100", "70535"], ["0.0320000", "106481"], ["0.0319900", "104251"], ["0.0319800", "186548"], ["0.0319700", "90239"], ["0.0319600", "229256"], ["0.0319500", "183726"], ["0.0319400", "186784"], ["0.0319300", "128194"], ["0.0319200", "97258"], ["0.0319100", "35929"], ["0.0319000", "92231"], ["0.0318900", "22226"], ["0.0318800", "66188"], ["0.0318700", "43806"], ["0.0318600", "160747"], ["0.0318500", "289500"], ["0.0318400", "99508"], ["0.0318300", "45347"], ["0.0318200", "85177"], ["0.0318100", "153044"], ["0.0318000", "135081"], ["0.0317900", "254115"], ["0.0317800", "152295"], ["0.0317700", "119075"], ["0.0317600", "63552"], ["0.0317500", "167026"], ["0.0317400", "82312"], ["0.0317300", "135296"], ["0.0317200", "156708"], ["0.0317100", "183085"], ["0.0317000", "89433"], ["0.0316900", "15744"], ["0.0316800", "104721"], ["0.0316700", "25795"], ["0.0316600", "8298"], ["0.0316500", "63952"], ["0.0316400", "59683"], ["0.0316300", "385711"], ["0.0316200", "6332"], ["0.0316100", "982668"], ["0.0316000", "64831"], ["0.0315800", "130574"], ["0.0315700", "2205"], ["0.0315600", "247504"], ["0.0315400", "64816"], ["0.0315300", "349"], ["0.0315200", "214672"], ["0.0315100", "83963"], ["0.0315000", "302374"], ["0.0314900", "215902"], ["0.0314800", "857"], ["0.0314700", "38946"], ["0.0314600", "40045"], ["0.0314500", "279720"], ["0.0314300", "570"], ["0.0314200", "520"], ["0.0314000", "8116"], ["0.0313900", "814176"], ["0.0313800", "157744"], ["0.0313700", "153061"], ["0.0313600", "214778"], ["0.0313500", "1824"], ["0.0313400", "205321"], ["0.0313300", "22321"], ["0.0313100", "197336"], ["0.0313000", "637"], ["0.0312900", "7996"], ["0.0312800", "625076"], ["0.0312700", "39531"], ["0.0312500", "185633"], ["0.0312400", "20234"], ["0.0312300", "294984"], ["0.0312200", "402507"], ["0.0312100", "204899"], ["0.0312000", "4487"], ["0.0311900", "7777"], ["0.0311800", "150965"], ["0.0311700", "167"], ["0.0311600", "211535"], ["0.0311500", "312847"], ["0.0311300", "7955"], ["0.0311100", "337"], ["0.0311000", "145980"], ["0.0310900", "354"], ["0.0310600", "286864"], ["0.0310500", "483813"], ["0.0310400", "30332"], ["0.0310200", "180928"], ["0.0310000", "223701"], ["0.0309900", "7777"], ["0.0309800", "678219"], ["0.0309700", "521"], ["0.0309600", "33914"], ["0.0309500", "178"], ["0.0309400", "153391"], ["0.0309300", "400771"], ["0.0309200", "22641"], ["0.0309100", "156627"]], "asks": [["0.0320400", "19282"], ["0.0320500", "44040"], ["0.0320600", "78251"], ["0.0320700", "248554"], ["0.0320800", "233172"], ["0.0320900", "195574"], ["0.0321000", "99728"], ["0.0321100", "116198"], ["0.0321200", "163632"], ["0.0321300", "112158"], ["0.0321400", "188558"], ["0.0321500", "187378"], ["0.0321600", "64642"], ["0.0321700", "75791"], ["0.0321800", "78720"], ["0.0321900", "91395"], ["0.0322000", "51576"], ["0.0322100", "141727"], ["0.0322200", "71564"], ["0.0322300", "50122"], ["0.0322400", "55025"], ["0.0322500", "106279"], ["0.0322600", "90247"], ["0.0322700", "102939"], ["0.0322800", "76375"], ["0.0322900", "28175"], ["0.0323000", "66384"], ["0.0323100", "77276"], ["0.0323200", "27662"], ["0.0323300", "104395"], ["0.0323400", "85329"], ["0.0323500", "12178"], ["0.0323600", "92351"], ["0.0323700", "12000"], ["0.0323800", "78081"], ["0.0323900", "229487"], ["0.0324000", "13125"], ["0.0324100", "104886"], ["0.0324200", "868"], ["0.0324400", "13775"], ["0.0324500", "64287"], ["0.0324600", "16095"], ["0.0324700", "15396"], ["0.0324800", "515"], ["0.0324900", "71779"], ["0.0325000", "12311"], ["0.0325100", "223325"], ["0.0325200", "853"], ["0.0325300", "32"], ["0.0325400", "16794"], ["0.0325500", "89598"], ["0.0325600", "4888"], ["0.0325700", "26202"], ["0.0325800", "17388"], ["0.0325900", "70349"], ["0.0326000", "839"], ["0.0326100", "219"], ["0.0326200", "513"], ["0.0326300", "146940"], ["0.0326400", "850"], ["0.0326500", "29177"], ["0.0326600", "512"], ["0.0326700", "146751"], ["0.0326800", "122891"], ["0.0326900", "321"], ["0.0327000", "146764"], ["0.0327100", "13771"], ["0.0327300", "21379"], ["0.0327400", "292926"], ["0.0327500", "107480"], ["0.0327600", "336"], ["0.0327700", "297573"], ["0.0327800", "320"], ["0.0327900", "143176"], ["0.0328000", "438855"], ["0.0328100", "146151"], ["0.0328200", "146105"], ["0.0328300", "145455"], ["0.0328700", "319"], ["0.0328800", "397285"], ["0.0328900", "5227"], ["0.0329000", "479939"], ["0.0329100", "157"], ["0.0329200", "21255"], ["0.0329400", "7777"], ["0.0329500", "142692"], ["0.0329600", "178"], ["0.0329700", "318"], ["0.0329800", "570"], ["0.0330000", "31974"], ["0.0330100", "291430"], ["0.0330200", "145222"], ["0.0330400", "137409"], ["0.0330500", "777151"], ["0.0330600", "8094"], ["0.0330700", "51353"], ["0.0331100", "8110"], ["0.0331400", "10432"], ["0.0331500", "648"], ["0.0331700", "147573"]], "timestamp": "2024-12-23T19:57:24.462215"}, {"lastUpdateId": 6221935672129, "E": 1734983849615, "T": 1734983849609, "bids": [["0.0320100", "6326"], ["0.0320000", "44615"], ["0.0319900", "68905"], ["0.0319800", "143333"], ["0.0319700", "123584"], ["0.0319600", "238714"], ["0.0319500", "148563"], ["0.0319400", "164351"], ["0.0319300", "60461"], ["0.0319200", "228591"], ["0.0319100", "44623"], ["0.0319000", "183791"], ["0.0318900", "76064"], ["0.0318800", "80055"], ["0.0318700", "125027"], ["0.0318600", "236478"], ["0.0318500", "147919"], ["0.0318400", "99508"], ["0.0318300", "45347"], ["0.0318200", "85177"], ["0.0318100", "153044"], ["0.0318000", "135081"], ["0.0317900", "254115"], ["0.0317800", "151509"], ["0.0317700", "119075"], ["0.0317600", "63552"], ["0.0317500", "167026"], ["0.0317400", "82312"], ["0.0317300", "135296"], ["0.0317200", "156708"], ["0.0317100", "183085"], ["0.0317000", "89433"], ["0.0316900", "15744"], ["0.0316800", "104721"], ["0.0316700", "25795"], ["0.0316600", "8298"], ["0.0316500", "63952"], ["0.0316400", "59683"], ["0.0316300", "385711"], ["0.0316200", "6332"], ["0.0316100", "982668"], ["0.0316000", "64831"], ["0.0315800", "130574"], ["0.0315700", "2205"], ["0.0315600", "247504"], ["0.0315400", "64816"], ["0.0315300", "349"], ["0.0315200", "214672"], ["0.0315100", "83963"], ["0.0315000", "302374"], ["0.0314900", "215902"], ["0.0314800", "857"], ["0.0314700", "38946"], ["0.0314600", "40045"], ["0.0314500", "279720"], ["0.0314300", "570"], ["0.0314200", "520"], ["0.0314000", "8116"], ["0.0313900", "814176"], ["0.0313800", "157744"], ["0.0313700", "153061"], ["0.0313600", "214778"], ["0.0313500", "1824"], ["0.0313400", "205321"], ["0.0313300", "22321"], ["0.0313100", "197336"], ["0.0313000", "637"], ["0.0312900", "7996"], ["0.0312800", "625076"], ["0.0312700", "39531"], ["0.0312500", "185633"], ["0.0312400", "20234"], ["0.0312300", "294984"], ["0.0312200", "402507"], ["0.0312100", "204899"], ["0.0312000", "4487"], ["0.0311900", "7777"], ["0.0311800", "150965"], ["0.0311700", "167"], ["0.0311600", "211535"], ["0.0311500", "312847"], ["0.0311300", "7955"], ["0.0311100", "337"], ["0.0311000", "145980"], ["0.0310900", "354"], ["0.0310600", "286864"], ["0.0310500", "483813"], ["0.0310400", "30332"], ["0.0310200", "180928"], ["0.0310000", "223701"], ["0.0309900", "7777"], ["0.0309800", "678219"], ["0.0309700", "521"], ["0.0309600", "33914"], ["0.0309500", "178"], ["0.0309400", "153391"], ["0.0309300", "400771"], ["0.0309200", "22641"], ["0.0309100", "156627"], ["0.0309000", "173300"]], "asks": [["0.0320300", "29731"], ["0.0320400", "46394"], ["0.0320500", "52221"], ["0.0320600", "98859"], ["0.0320700", "294742"], ["0.0320800", "123486"], ["0.0320900", "276301"], ["0.0321000", "99728"], ["0.0321100", "124628"], ["0.0321200", "201204"], ["0.0321300", "25351"], ["0.0321400", "130326"], ["0.0321500", "146753"], ["0.0321600", "33340"], ["0.0321700", "75791"], ["0.0321800", "78720"], ["0.0321900", "123783"], ["0.0322000", "51576"], ["0.0322100", "141727"], ["0.0322200", "64895"], ["0.0322300", "19825"], ["0.0322400", "54457"], ["0.0322500", "106279"], ["0.0322600", "90247"], ["0.0322700", "102939"], ["0.0322800", "76375"], ["0.0322900", "28175"], ["0.0323000", "66384"], ["0.0323100", "77276"], ["0.0323200", "27662"], ["0.0323300", "104395"], ["0.0323400", "84557"], ["0.0323500", "12178"], ["0.0323600", "92351"], ["0.0323700", "12000"], ["0.0323800", "78081"], ["0.0323900", "229487"], ["0.0324000", "13125"], ["0.0324100", "92886"], ["0.0324200", "868"], ["0.0324400", "13775"], ["0.0324500", "64287"], ["0.0324600", "16095"], ["0.0324700", "15396"], ["0.0324800", "515"], ["0.0324900", "71779"], ["0.0325000", "12311"], ["0.0325100", "223325"], ["0.0325200", "853"], ["0.0325300", "32"], ["0.0325400", "16794"], ["0.0325500", "89598"], ["0.0325600", "4888"], ["0.0325700", "26202"], ["0.0325800", "17388"], ["0.0325900", "70349"], ["0.0326000", "839"], ["0.0326100", "219"], ["0.0326200", "513"], ["0.0326300", "146940"], ["0.0326400", "850"], ["0.0326500", "29177"], ["0.0326600", "512"], ["0.0326700", "146751"], ["0.0326800", "122891"], ["0.0326900", "321"], ["0.0327000", "146764"], ["0.0327100", "13771"], ["0.0327300", "21379"], ["0.0327400", "292926"], ["0.0327500", "107480"], ["0.0327600", "336"], ["0.0327700", "297573"], ["0.0327800", "320"], ["0.0327900", "143176"], ["0.0328000", "438855"], ["0.0328100", "146151"], ["0.0328200", "146105"], ["0.0328300", "145455"], ["0.0328700", "319"], ["0.0328800", "397285"], ["0.0328900", "5227"], ["0.0329000", "479939"], ["0.0329100", "157"], ["0.0329200", "21255"], ["0.0329400", "7777"], ["0.0329500", "142692"], ["0.0329600", "178"], ["0.0329700", "318"], ["0.0329800", "570"], ["0.0330000", "31974"], ["0.0330100", "291430"], ["0.0330200", "145222"], ["0.0330400", "137409"], ["0.0330500", "777151"], ["0.0330600", "8094"], ["0.0330700", "51353"], ["0.0331100", "8110"], ["0.0331400", "10432"], ["0.0331500", "648"]], "timestamp": "2024-12-23T19:57:29.833080"}, {"lastUpdateId": 6221936072033, "E": 1734983855011, "T": 1734983854992, "bids": [["0.0320100", "18929"], ["0.0320000", "35410"], ["0.0319900", "56494"], ["0.0319800", "160424"], ["0.0319700", "123803"], ["0.0319600", "238714"], ["0.0319500", "148563"], ["0.0319400", "145433"], ["0.0319300", "60461"], ["0.0319200", "247509"], ["0.0319100", "44623"], ["0.0319000", "183791"], ["0.0318900", "76064"], ["0.0318800", "80055"], ["0.0318700", "125027"], ["0.0318600", "236478"], ["0.0318500", "147919"], ["0.0318400", "99508"], ["0.0318300", "45347"], ["0.0318200", "85177"], ["0.0318100", "153044"], ["0.0318000", "135081"], ["0.0317900", "254115"], ["0.0317800", "151509"], ["0.0317700", "119075"], ["0.0317600", "63552"], ["0.0317500", "167026"], ["0.0317400", "82312"], ["0.0317300", "135296"], ["0.0317200", "156708"], ["0.0317100", "183085"], ["0.0317000", "89433"], ["0.0316900", "15744"], ["0.0316800", "104721"], ["0.0316700", "25795"], ["0.0316600", "8298"], ["0.0316500", "63952"], ["0.0316400", "59683"], ["0.0316300", "385711"], ["0.0316200", "6332"], ["0.0316100", "982668"], ["0.0316000", "64831"], ["0.0315800", "130574"], ["0.0315700", "2205"], ["0.0315600", "247504"], ["0.0315400", "64816"], ["0.0315300", "349"], ["0.0315200", "214672"], ["0.0315100", "83963"], ["0.0315000", "302374"], ["0.0314900", "215902"], ["0.0314800", "857"], ["0.0314700", "38946"], ["0.0314600", "40045"], ["0.0314500", "279720"], ["0.0314300", "570"], ["0.0314200", "520"], ["0.0314000", "8116"], ["0.0313900", "814176"], ["0.0313800", "157744"], ["0.0313700", "153061"], ["0.0313600", "214778"], ["0.0313500", "1824"], ["0.0313400", "205321"], ["0.0313300", "22321"], ["0.0313100", "197336"], ["0.0313000", "637"], ["0.0312900", "7996"], ["0.0312800", "625076"], ["0.0312700", "39531"], ["0.0312500", "185633"], ["0.0312400", "20234"], ["0.0312300", "294984"], ["0.0312200", "402507"], ["0.0312100", "204899"], ["0.0312000", "4487"], ["0.0311900", "7777"], ["0.0311800", "150965"], ["0.0311700", "167"], ["0.0311600", "211535"], ["0.0311500", "312847"], ["0.0311300", "7955"], ["0.0311100", "337"], ["0.0311000", "145980"], ["0.0310900", "354"], ["0.0310600", "286864"], ["0.0310500", "483813"], ["0.0310400", "30332"], ["0.0310200", "180928"], ["0.0310000", "223701"], ["0.0309900", "7777"], ["0.0309800", "678219"], ["0.0309700", "521"], ["0.0309600", "33914"], ["0.0309500", "178"], ["0.0309400", "153391"], ["0.0309300", "400771"], ["0.0309200", "22641"], ["0.0309100", "156627"], ["0.0309000", "173300"]], "asks": [["0.0320300", "11958"], ["0.0320400", "40799"], ["0.0320500", "58035"], ["0.0320600", "98859"], ["0.0320700", "251520"], ["0.0320800", "123486"], ["0.0320900", "257460"], ["0.0321000", "191731"], ["0.0321100", "124628"], ["0.0321200", "209440"], ["0.0321300", "74692"], ["0.0321400", "130332"], ["0.0321500", "146753"], ["0.0321600", "33340"], ["0.0321700", "75977"], ["0.0321800", "78720"], ["0.0321900", "123783"], ["0.0322000", "29761"], ["0.0322100", "141727"], ["0.0322200", "64895"], ["0.0322300", "19825"], ["0.0322400", "54457"], ["0.0322500", "106279"], ["0.0322600", "90247"], ["0.0322700", "102939"], ["0.0322800", "76375"], ["0.0322900", "19934"], ["0.0323000", "41392"], ["0.0323100", "77276"], ["0.0323200", "27662"], ["0.0323300", "129387"], ["0.0323400", "84557"], ["0.0323500", "12178"], ["0.0323600", "92351"], ["0.0323700", "12000"], ["0.0323800", "78081"], ["0.0323900", "229487"], ["0.0324000", "13125"], ["0.0324100", "92886"], ["0.0324200", "868"], ["0.0324400", "13775"], ["0.0324500", "64287"], ["0.0324600", "16095"], ["0.0324700", "15396"], ["0.0324800", "515"], ["0.0324900", "71779"], ["0.0325000", "12311"], ["0.0325100", "223325"], ["0.0325200", "853"], ["0.0325300", "32"], ["0.0325400", "16794"], ["0.0325500", "89598"], ["0.0325600", "4888"], ["0.0325700", "1264"], ["0.0325800", "17388"], ["0.0325900", "70349"], ["0.0326000", "839"], ["0.0326100", "219"], ["0.0326200", "25459"], ["0.0326300", "146940"], ["0.0326400", "850"], ["0.0326500", "29177"], ["0.0326600", "512"], ["0.0326700", "146751"], ["0.0326800", "122891"], ["0.0326900", "321"], ["0.0327000", "146764"], ["0.0327100", "13771"], ["0.0327300", "21379"], ["0.0327400", "292926"], ["0.0327500", "107480"], ["0.0327600", "336"], ["0.0327700", "297573"], ["0.0327800", "320"], ["0.0327900", "143176"], ["0.0328000", "438855"], ["0.0328100", "146151"], ["0.0328200", "146105"], ["0.0328300", "145455"], ["0.0328700", "319"], ["0.0328800", "397285"], ["0.0328900", "5227"], ["0.0329000", "479939"], ["0.0329100", "157"], ["0.0329200", "21255"], ["0.0329400", "7777"], ["0.0329500", "142692"], ["0.0329600", "178"], ["0.0329700", "318"], ["0.0329800", "570"], ["0.0330000", "31974"], ["0.0330100", "291430"], ["0.0330200", "145222"], ["0.0330400", "137409"], ["0.0330500", "777151"], ["0.0330600", "8094"], ["0.0330700", "51353"], ["0.0331100", "8110"], ["0.0331400", "10432"], ["0.0331500", "648"]], "timestamp": "2024-12-23T19:57:35.196404"}, {"lastUpdateId": 6221936551256, "E": 1734983860356, "T": 1734983860332, "bids": [["0.0320000", "18731"], ["0.0319900", "47690"], ["0.0319800", "90733"], ["0.0319700", "134059"], ["0.0319600", "208053"], ["0.0319500", "149493"], ["0.0319400", "145619"], ["0.0319300", "60833"], ["0.0319200", "247323"], ["0.0319100", "44995"], ["0.0319000", "163971"], ["0.0318900", "44244"], ["0.0318800", "79671"], ["0.0318700", "125027"], ["0.0318600", "224599"], ["0.0318500", "50969"], ["0.0318400", "99706"], ["0.0318300", "45719"], ["0.0318200", "85363"], ["0.0318100", "153044"], ["0.0318000", "134881"], ["0.0317900", "245125"], ["0.0317800", "87369"], ["0.0317700", "119075"], ["0.0317600", "63552"], ["0.0317500", "167026"], ["0.0317400", "82312"], ["0.0317300", "197659"], ["0.0317200", "156908"], ["0.0317100", "183085"], ["0.0317000", "89433"], ["0.0316900", "15744"], ["0.0316800", "104721"], ["0.0316700", "25795"], ["0.0316600", "8298"], ["0.0316500", "63952"], ["0.0316400", "59683"], ["0.0316300", "385711"], ["0.0316200", "6332"], ["0.0316100", "982668"], ["0.0316000", "64831"], ["0.0315800", "106850"], ["0.0315700", "2205"], ["0.0315600", "247504"], ["0.0315400", "64816"], ["0.0315300", "349"], ["0.0315200", "214672"], ["0.0315100", "83963"], ["0.0315000", "326143"], ["0.0314900", "215902"], ["0.0314800", "857"], ["0.0314700", "38946"], ["0.0314600", "40045"], ["0.0314500", "279720"], ["0.0314300", "570"], ["0.0314200", "520"], ["0.0314000", "8116"], ["0.0313900", "814176"], ["0.0313800", "157744"], ["0.0313700", "153061"], ["0.0313600", "214778"], ["0.0313500", "1824"], ["0.0313400", "205321"], ["0.0313300", "22321"], ["0.0313100", "197336"], ["0.0313000", "637"], ["0.0312900", "7996"], ["0.0312800", "625076"], ["0.0312700", "39531"], ["0.0312500", "185633"], ["0.0312400", "20234"], ["0.0312300", "294984"], ["0.0312200", "245785"], ["0.0312100", "204899"], ["0.0312000", "4487"], ["0.0311900", "7777"], ["0.0311800", "150965"], ["0.0311700", "167"], ["0.0311600", "211535"], ["0.0311500", "312847"], ["0.0311300", "7955"], ["0.0311100", "337"], ["0.0311000", "145980"], ["0.0310900", "354"], ["0.0310600", "286864"], ["0.0310500", "483813"], ["0.0310400", "30332"], ["0.0310200", "180928"], ["0.0310000", "223701"], ["0.0309900", "7777"], ["0.0309800", "678219"], ["0.0309700", "521"], ["0.0309600", "22609"], ["0.0309500", "178"], ["0.0309400", "153391"], ["0.0309300", "400771"], ["0.0309100", "156627"], ["0.0309000", "173300"], ["0.0308900", "158349"], ["0.0308800", "30449"]], "asks": [["0.0320100", "11993"], ["0.0320200", "38310"], ["0.0320300", "56192"], ["0.0320400", "38853"], ["0.0320500", "88584"], ["0.0320600", "222445"], ["0.0320700", "204212"], ["0.0320800", "98875"], ["0.0320900", "290033"], ["0.0321000", "170904"], ["0.0321100", "145661"], ["0.0321200", "201204"], ["0.0321300", "24421"], ["0.0321400", "120307"], ["0.0321500", "154581"], ["0.0321600", "65563"], ["0.0321700", "76349"], ["0.0321800", "78348"], ["0.0321900", "105237"], ["0.0322000", "29575"], ["0.0322100", "111308"], ["0.0322200", "75760"], ["0.0322300", "81816"], ["0.0322400", "54457"], ["0.0322500", "106279"], ["0.0322600", "76107"], ["0.0322700", "39035"], ["0.0322800", "76375"], ["0.0322900", "19934"], ["0.0323000", "41392"], ["0.0323100", "77276"], ["0.0323200", "27662"], ["0.0323300", "129387"], ["0.0323400", "84557"], ["0.0323500", "12178"], ["0.0323600", "92351"], ["0.0323700", "12000"], ["0.0323800", "66081"], ["0.0323900", "229487"], ["0.0324000", "1125"], ["0.0324100", "92886"], ["0.0324200", "868"], ["0.0324400", "13775"], ["0.0324500", "64287"], ["0.0324600", "16095"], ["0.0324700", "15396"], ["0.0324800", "515"], ["0.0324900", "71779"], ["0.0325000", "12311"], ["0.0325100", "159343"], ["0.0325200", "853"], ["0.0325300", "32"], ["0.0325400", "16794"], ["0.0325500", "89598"], ["0.0325600", "4888"], ["0.0325700", "1264"], ["0.0325800", "17388"], ["0.0325900", "70349"], ["0.0326000", "839"], ["0.0326100", "219"], ["0.0326200", "25459"], ["0.0326300", "146940"], ["0.0326400", "850"], ["0.0326500", "29177"], ["0.0326600", "512"], ["0.0326700", "146751"], ["0.0326800", "122891"], ["0.0326900", "321"], ["0.0327000", "146764"], ["0.0327100", "13771"], ["0.0327300", "21379"], ["0.0327400", "292926"], ["0.0327500", "107480"], ["0.0327600", "336"], ["0.0327700", "297573"], ["0.0327800", "320"], ["0.0327900", "143176"], ["0.0328000", "438855"], ["0.0328100", "146151"], ["0.0328200", "146105"], ["0.0328300", "145455"], ["0.0328700", "319"], ["0.0328800", "397285"], ["0.0328900", "5227"], ["0.0329000", "331067"], ["0.0329100", "157"], ["0.0329200", "21255"], ["0.0329400", "7777"], ["0.0329500", "142692"], ["0.0329600", "178"], ["0.0329700", "318"], ["0.0329800", "570"], ["0.0330000", "31974"], ["0.0330100", "143049"], ["0.0330200", "145222"], ["0.0330400", "137409"], ["0.0330500", "777151"], ["0.0330600", "8094"], ["0.0330700", "51353"], ["0.0331100", "8110"]], "timestamp": "2024-12-23T19:57:40.549341"}, {"lastUpdateId": 6221937260311, "E": 1734983865741, "T": 1734983865733, "bids": [["0.0320000", "10701"], ["0.0319900", "51736"], ["0.0319800", "61728"], ["0.0319700", "112006"], ["0.0319600", "190123"], ["0.0319500", "233548"], ["0.0319400", "206572"], ["0.0319300", "82647"], ["0.0319200", "210640"], ["0.0319100", "91630"], ["0.0319000", "175993"], ["0.0318900", "85472"], ["0.0318800", "144909"], ["0.0318700", "125027"], ["0.0318600", "224599"], ["0.0318500", "39155"], ["0.0318400", "100078"], ["0.0318300", "33719"], ["0.0318200", "65590"], ["0.0318100", "42336"], ["0.0318000", "134289"], ["0.0317900", "245364"], ["0.0317800", "87369"], ["0.0317700", "109512"], ["0.0317600", "24427"], ["0.0317500", "171745"], ["0.0317400", "82312"], ["0.0317300", "197659"], ["0.0317200", "156908"], ["0.0317100", "183085"], ["0.0317000", "89433"], ["0.0316900", "15744"], ["0.0316800", "104721"], ["0.0316700", "26425"], ["0.0316600", "8298"], ["0.0316500", "63952"], ["0.0316400", "59683"], ["0.0316300", "169371"], ["0.0316200", "12650"], ["0.0316100", "75718"], ["0.0316000", "64831"], ["0.0315900", "63192"], ["0.0315800", "106850"], ["0.0315700", "1573"], ["0.0315600", "247504"], ["0.0315500", "64012"], ["0.0315400", "218337"], ["0.0315300", "349"], ["0.0315200", "1123607"], ["0.0315100", "84596"], ["0.0315000", "24863"], ["0.0314900", "293612"], ["0.0314800", "857"], ["0.0314700", "38946"], ["0.0314600", "40045"], ["0.0314500", "378148"], ["0.0314300", "570"], ["0.0314200", "520"], ["0.0314100", "301938"], ["0.0314000", "8116"], ["0.0313900", "151863"], ["0.0313800", "157744"], ["0.0313700", "153061"], ["0.0313600", "418539"], ["0.0313500", "1824"], ["0.0313400", "205321"], ["0.0313300", "22321"], ["0.0313100", "197336"], ["0.0313000", "664854"], ["0.0312900", "7996"], ["0.0312800", "625076"], ["0.0312700", "39531"], ["0.0312500", "185633"], ["0.0312400", "20234"], ["0.0312300", "294984"], ["0.0312200", "245785"], ["0.0312100", "204899"], ["0.0312000", "4487"], ["0.0311900", "7777"], ["0.0311800", "150965"], ["0.0311700", "167"], ["0.0311600", "211535"], ["0.0311500", "312847"], ["0.0311300", "7955"], ["0.0311100", "337"], ["0.0311000", "145980"], ["0.0310900", "354"], ["0.0310600", "286864"], ["0.0310500", "483813"], ["0.0310400", "30332"], ["0.0310200", "180928"], ["0.0310000", "223701"], ["0.0309900", "7777"], ["0.0309800", "678219"], ["0.0309700", "521"], ["0.0309600", "22609"], ["0.0309500", "178"], ["0.0309400", "153391"], ["0.0309300", "400771"], ["0.0309100", "156627"]], "asks": [["0.0320100", "165"], ["0.0320200", "45500"], ["0.0320300", "76055"], ["0.0320400", "114513"], ["0.0320500", "158994"], ["0.0320600", "209012"], ["0.0320700", "201219"], ["0.0320800", "120374"], ["0.0320900", "237883"], ["0.0321000", "110903"], ["0.0321100", "145896"], ["0.0321200", "201204"], ["0.0321300", "24421"], ["0.0321400", "120493"], ["0.0321500", "123195"], ["0.0321600", "22932"], ["0.0321700", "65226"], ["0.0321800", "40083"], ["0.0321900", "105755"], ["0.0322000", "29761"], ["0.0322100", "143978"], ["0.0322200", "75760"], ["0.0322300", "82590"], ["0.0322400", "54271"], ["0.0322500", "106279"], ["0.0322600", "76107"], ["0.0322700", "43676"], ["0.0322800", "76375"], ["0.0322900", "19934"], ["0.0323000", "41392"], ["0.0323100", "101496"], ["0.0323200", "27662"], ["0.0323300", "91711"], ["0.0323400", "84557"], ["0.0323500", "12178"], ["0.0323600", "92351"], ["0.0323800", "64538"], ["0.0323900", "229487"], ["0.0324000", "5749"], ["0.0324100", "92886"], ["0.0324200", "868"], ["0.0324400", "13775"], ["0.0324500", "212098"], ["0.0324600", "33007"], ["0.0324700", "15396"], ["0.0324800", "515"], ["0.0324900", "71779"], ["0.0325000", "12311"], ["0.0325100", "15579"], ["0.0325200", "853"], ["0.0325300", "6173"], ["0.0325400", "16794"], ["0.0325500", "89598"], ["0.0325600", "4888"], ["0.0325700", "1264"], ["0.0325800", "147584"], ["0.0325900", "70349"], ["0.0326000", "25800"], ["0.0326100", "147146"], ["0.0326200", "513"], ["0.0326300", "146940"], ["0.0326400", "850"], ["0.0326500", "322743"], ["0.0326600", "512"], ["0.0326800", "269530"], ["0.0326900", "321"], ["0.0327000", "157"], ["0.0327100", "453259"], ["0.0327300", "167803"], ["0.0327500", "107480"], ["0.0327600", "336"], ["0.0327700", "151253"], ["0.0327800", "320"], ["0.0327900", "289314"], ["0.0328000", "324"], ["0.0328100", "146151"], ["0.0328300", "145455"], ["0.0328700", "319"], ["0.0328800", "251465"], ["0.0328900", "5227"], ["0.0329000", "331067"], ["0.0329100", "157"], ["0.0329200", "21255"], ["0.0329400", "7777"], ["0.0329500", "142692"], ["0.0329600", "178"], ["0.0329700", "318"], ["0.0329800", "570"], ["0.0330000", "31974"], ["0.0330100", "143049"], ["0.0330200", "145222"], ["0.0330400", "137409"], ["0.0330500", "777151"], ["0.0330600", "8094"], ["0.0330700", "51353"], ["0.0331100", "8110"], ["0.0331400", "10432"], ["0.0331500", "648"], ["0.0331700", "147573"], ["0.0332000", "424905"]], "timestamp": "2024-12-23T19:57:45.919088"}, {"lastUpdateId": 6221937699061, "E": 1734983870638, "T": 1734983870626, "bids": [["0.0320000", "22673"], ["0.0319900", "49679"], ["0.0319800", "64356"], ["0.0319700", "107425"], ["0.0319600", "189907"], ["0.0319500", "232432"], ["0.0319400", "206572"], ["0.0319300", "82647"], ["0.0319200", "210640"], ["0.0319100", "91630"], ["0.0319000", "175993"], ["0.0318900", "85472"], ["0.0318800", "144909"], ["0.0318700", "125027"], ["0.0318600", "224599"], ["0.0318500", "39155"], ["0.0318400", "100078"], ["0.0318300", "33719"], ["0.0318200", "65590"], ["0.0318100", "42336"], ["0.0318000", "134489"], ["0.0317900", "245364"], ["0.0317800", "87369"], ["0.0317700", "109512"], ["0.0317600", "24427"], ["0.0317500", "171745"], ["0.0317400", "82312"], ["0.0317300", "197659"], ["0.0317200", "157108"], ["0.0317100", "183085"], ["0.0317000", "89433"], ["0.0316900", "15744"], ["0.0316800", "104721"], ["0.0316700", "26425"], ["0.0316600", "8298"], ["0.0316500", "63952"], ["0.0316400", "59683"], ["0.0316300", "169371"], ["0.0316200", "12650"], ["0.0316100", "75718"], ["0.0316000", "64831"], ["0.0315900", "63192"], ["0.0315800", "106850"], ["0.0315700", "1573"], ["0.0315600", "247504"], ["0.0315500", "64012"], ["0.0315400", "218337"], ["0.0315300", "349"], ["0.0315200", "1123607"], ["0.0315100", "84596"], ["0.0315000", "24863"], ["0.0314900", "293612"], ["0.0314800", "857"], ["0.0314700", "38946"], ["0.0314600", "40045"], ["0.0314500", "378148"], ["0.0314300", "570"], ["0.0314200", "520"], ["0.0314100", "301938"], ["0.0314000", "8116"], ["0.0313900", "151863"], ["0.0313800", "157744"], ["0.0313700", "153061"], ["0.0313600", "418539"], ["0.0313500", "1824"], ["0.0313400", "205321"], ["0.0313300", "22321"], ["0.0313100", "197336"], ["0.0313000", "664854"], ["0.0312900", "7996"], ["0.0312800", "625076"], ["0.0312700", "39531"], ["0.0312500", "185633"], ["0.0312400", "20234"], ["0.0312300", "294984"], ["0.0312200", "245785"], ["0.0312100", "204899"], ["0.0312000", "4487"], ["0.0311900", "7777"], ["0.0311800", "150965"], ["0.0311700", "167"], ["0.0311600", "211535"], ["0.0311500", "312847"], ["0.0311300", "7955"], ["0.0311100", "337"], ["0.0311000", "145980"], ["0.0310900", "354"], ["0.0310600", "286864"], ["0.0310500", "483813"], ["0.0310400", "30332"], ["0.0310200", "180928"], ["0.0310000", "223701"], ["0.0309900", "7777"], ["0.0309800", "678219"], ["0.0309700", "521"], ["0.0309600", "22609"], ["0.0309500", "178"], ["0.0309400", "153391"], ["0.0309300", "400771"], ["0.0309100", "156627"]], "asks": [["0.0320200", "32622"], ["0.0320300", "70284"], ["0.0320400", "56780"], ["0.0320500", "151922"], ["0.0320600", "208793"], ["0.0320700", "200876"], ["0.0320800", "120374"], ["0.0320900", "237883"], ["0.0321000", "110903"], ["0.0321100", "145896"], ["0.0321200", "201204"], ["0.0321300", "24421"], ["0.0321400", "120679"], ["0.0321500", "130106"], ["0.0321600", "55724"], ["0.0321700", "65226"], ["0.0321800", "40083"], ["0.0321900", "105755"], ["0.0322000", "29761"], ["0.0322100", "111308"], ["0.0322200", "75760"], ["0.0322300", "82786"], ["0.0322400", "54271"], ["0.0322500", "106279"], ["0.0322600", "76107"], ["0.0322700", "43676"], ["0.0322800", "76375"], ["0.0322900", "19934"], ["0.0323000", "41392"], ["0.0323100", "101692"], ["0.0323200", "13905"], ["0.0323300", "91711"], ["0.0323400", "84557"], ["0.0323500", "12178"], ["0.0323600", "92351"], ["0.0323800", "64538"], ["0.0323900", "229487"], ["0.0324000", "5749"], ["0.0324100", "92886"], ["0.0324200", "868"], ["0.0324400", "13775"], ["0.0324500", "212098"], ["0.0324600", "33007"], ["0.0324700", "15396"], ["0.0324800", "515"], ["0.0324900", "71779"], ["0.0325000", "12311"], ["0.0325100", "15579"], ["0.0325200", "853"], ["0.0325300", "6173"], ["0.0325400", "16794"], ["0.0325500", "89598"], ["0.0325600", "4888"], ["0.0325700", "1264"], ["0.0325800", "172553"], ["0.0325900", "70349"], ["0.0326000", "839"], ["0.0326100", "147146"], ["0.0326200", "513"], ["0.0326300", "146940"], ["0.0326400", "850"], ["0.0326500", "322743"], ["0.0326600", "512"], ["0.0326800", "269530"], ["0.0326900", "321"], ["0.0327000", "157"], ["0.0327100", "453259"], ["0.0327300", "167803"], ["0.0327500", "107480"], ["0.0327600", "336"], ["0.0327700", "151253"], ["0.0327800", "320"], ["0.0327900", "289314"], ["0.0328000", "324"], ["0.0328100", "146151"], ["0.0328300", "145455"], ["0.0328700", "319"], ["0.0328800", "251465"], ["0.0328900", "5227"], ["0.0329000", "331067"], ["0.0329100", "157"], ["0.0329200", "21255"], ["0.0329400", "7777"], ["0.0329500", "142692"], ["0.0329600", "178"], ["0.0329700", "318"], ["0.0329800", "570"], ["0.0330000", "31974"], ["0.0330100", "143049"], ["0.0330200", "145222"], ["0.0330400", "137409"], ["0.0330500", "777151"], ["0.0330600", "8094"], ["0.0330700", "51353"], ["0.0331100", "8110"], ["0.0331400", "10432"], ["0.0331500", "648"], ["0.0331700", "147573"], ["0.0332000", "424905"], ["0.0332200", "1512"]], "timestamp": "2024-12-23T19:57:51.303972"}, {"lastUpdateId": 6221938235362, "E": 1734983876540, "T": 1734983876532, "bids": [["0.0320000", "12000"], ["0.0319900", "47265"], ["0.0319800", "61542"], ["0.0319700", "110240"], ["0.0319600", "189907"], ["0.0319500", "232432"], ["0.0319400", "206572"], ["0.0319300", "82647"], ["0.0319200", "210640"], ["0.0319100", "91630"], ["0.0319000", "175993"], ["0.0318900", "85472"], ["0.0318800", "144909"], ["0.0318700", "125027"], ["0.0318600", "224599"], ["0.0318500", "39155"], ["0.0318400", "100078"], ["0.0318300", "33719"], ["0.0318200", "65590"], ["0.0318100", "42336"], ["0.0318000", "134489"], ["0.0317900", "245364"], ["0.0317800", "87369"], ["0.0317700", "109512"], ["0.0317600", "24427"], ["0.0317500", "171745"], ["0.0317400", "82312"], ["0.0317300", "197659"], ["0.0317200", "157108"], ["0.0317100", "183085"], ["0.0317000", "89433"], ["0.0316900", "15744"], ["0.0316800", "104721"], ["0.0316700", "26425"], ["0.0316600", "8298"], ["0.0316500", "63952"], ["0.0316400", "59683"], ["0.0316300", "169371"], ["0.0316200", "12650"], ["0.0316100", "75718"], ["0.0316000", "64831"], ["0.0315900", "63192"], ["0.0315800", "106850"], ["0.0315700", "1573"], ["0.0315600", "247504"], ["0.0315500", "64012"], ["0.0315400", "218337"], ["0.0315300", "349"], ["0.0315200", "1123607"], ["0.0315100", "84596"], ["0.0315000", "24863"], ["0.0314900", "293612"], ["0.0314800", "857"], ["0.0314700", "38946"], ["0.0314600", "40045"], ["0.0314500", "378148"], ["0.0314300", "570"], ["0.0314200", "520"], ["0.0314100", "301938"], ["0.0314000", "8116"], ["0.0313900", "151863"], ["0.0313800", "157744"], ["0.0313700", "153061"], ["0.0313600", "418539"], ["0.0313500", "1824"], ["0.0313400", "205321"], ["0.0313300", "22321"], ["0.0313100", "197336"], ["0.0313000", "664854"], ["0.0312900", "7996"], ["0.0312800", "625076"], ["0.0312700", "39531"], ["0.0312500", "185633"], ["0.0312400", "20234"], ["0.0312300", "294984"], ["0.0312200", "245785"], ["0.0312100", "204899"], ["0.0312000", "4487"], ["0.0311900", "7777"], ["0.0311800", "150965"], ["0.0311700", "167"], ["0.0311600", "211535"], ["0.0311500", "312847"], ["0.0311300", "7955"], ["0.0311100", "337"], ["0.0311000", "145980"], ["0.0310900", "354"], ["0.0310600", "286864"], ["0.0310500", "483813"], ["0.0310400", "30332"], ["0.0310200", "180928"], ["0.0310000", "223701"], ["0.0309900", "7777"], ["0.0309800", "678219"], ["0.0309700", "521"], ["0.0309600", "22609"], ["0.0309500", "178"], ["0.0309400", "153391"], ["0.0309300", "400771"], ["0.0309100", "156627"]], "asks": [["0.0320200", "36830"], ["0.0320300", "70284"], ["0.0320400", "52526"], ["0.0320500", "151922"], ["0.0320600", "208793"], ["0.0320700", "200876"], ["0.0320800", "120374"], ["0.0320900", "237883"], ["0.0321000", "110903"], ["0.0321100", "145896"], ["0.0321200", "201204"], ["0.0321300", "24421"], ["0.0321400", "120679"], ["0.0321500", "130106"], ["0.0321600", "55724"], ["0.0321700", "65383"], ["0.0321800", "39926"], ["0.0321900", "105755"], ["0.0322000", "29761"], ["0.0322100", "111308"], ["0.0322200", "75760"], ["0.0322300", "82786"], ["0.0322400", "54271"], ["0.0322500", "106279"], ["0.0322600", "76107"], ["0.0322700", "43676"], ["0.0322800", "76375"], ["0.0322900", "19934"], ["0.0323000", "41392"], ["0.0323100", "101692"], ["0.0323200", "13905"], ["0.0323300", "91711"], ["0.0323400", "84557"], ["0.0323500", "12178"], ["0.0323600", "92351"], ["0.0323800", "64538"], ["0.0323900", "229487"], ["0.0324000", "5749"], ["0.0324100", "92886"], ["0.0324200", "868"], ["0.0324400", "13775"], ["0.0324500", "212098"], ["0.0324600", "33007"], ["0.0324700", "15396"], ["0.0324800", "515"], ["0.0324900", "71779"], ["0.0325000", "12311"], ["0.0325100", "15579"], ["0.0325200", "853"], ["0.0325300", "6173"], ["0.0325400", "16794"], ["0.0325500", "89598"], ["0.0325600", "4888"], ["0.0325700", "1264"], ["0.0325800", "172553"], ["0.0325900", "70349"], ["0.0326000", "839"], ["0.0326100", "147146"], ["0.0326200", "513"], ["0.0326300", "146940"], ["0.0326400", "850"], ["0.0326500", "322743"], ["0.0326600", "512"], ["0.0326800", "269530"], ["0.0326900", "321"], ["0.0327000", "157"], ["0.0327100", "453259"], ["0.0327300", "167803"], ["0.0327500", "107480"], ["0.0327600", "336"], ["0.0327700", "151253"], ["0.0327800", "320"], ["0.0327900", "289314"], ["0.0328000", "324"], ["0.0328100", "146151"], ["0.0328300", "145455"], ["0.0328700", "319"], ["0.0328800", "251465"], ["0.0328900", "5227"], ["0.0329000", "331067"], ["0.0329100", "157"], ["0.0329200", "21255"], ["0.0329400", "7777"], ["0.0329500", "142692"], ["0.0329600", "178"], ["0.0329700", "318"], ["0.0329800", "570"], ["0.0330000", "31974"], ["0.0330100", "143049"], ["0.0330200", "145222"], ["0.0330400", "137409"], ["0.0330500", "777151"], ["0.0330600", "8094"], ["0.0330700", "51353"], ["0.0331100", "8110"], ["0.0331400", "10432"], ["0.0331500", "648"], ["0.0331700", "147573"], ["0.0332000", "424905"], ["0.0332200", "1512"]], "timestamp": "2024-12-23T19:57:56.717824"}, {"lastUpdateId": 6221938834896, "E": 1734983882037, "T": 1734983881995, "bids": [["0.0320100", "52943"], ["0.0320000", "37110"], ["0.0319900", "78494"], ["0.0319800", "135842"], ["0.0319700", "188429"], ["0.0319600", "374178"], ["0.0319500", "132266"], ["0.0319400", "126213"], ["0.0319300", "129810"], ["0.0319200", "200889"], ["0.0319100", "44809"], ["0.0319000", "172230"], ["0.0318900", "73658"], ["0.0318800", "112386"], ["0.0318700", "112841"], ["0.0318600", "224785"], ["0.0318500", "38969"], ["0.0318400", "99892"], ["0.0318300", "33719"], ["0.0318200", "65590"], ["0.0318100", "42336"], ["0.0318000", "134489"], ["0.0317900", "245364"], ["0.0317800", "84221"], ["0.0317700", "109512"], ["0.0317600", "24427"], ["0.0317500", "171745"], ["0.0317400", "82312"], ["0.0317300", "197659"], ["0.0317200", "135298"], ["0.0317100", "183085"], ["0.0317000", "89433"], ["0.0316900", "15744"], ["0.0316800", "104721"], ["0.0316700", "26425"], ["0.0316600", "8298"], ["0.0316500", "63952"], ["0.0316400", "3576"], ["0.0316300", "169371"], ["0.0316200", "12650"], ["0.0316100", "75718"], ["0.0316000", "64831"], ["0.0315900", "63192"], ["0.0315800", "106850"], ["0.0315700", "1573"], ["0.0315600", "247504"], ["0.0315500", "64012"], ["0.0315400", "218337"], ["0.0315300", "349"], ["0.0315200", "1123607"], ["0.0315100", "84596"], ["0.0315000", "24863"], ["0.0314900", "293612"], ["0.0314800", "857"], ["0.0314700", "38946"], ["0.0314600", "40045"], ["0.0314500", "378148"], ["0.0314300", "570"], ["0.0314200", "520"], ["0.0314100", "301938"], ["0.0314000", "8116"], ["0.0313900", "151863"], ["0.0313800", "157744"], ["0.0313700", "411027"], ["0.0313600", "418539"], ["0.0313500", "1824"], ["0.0313400", "361535"], ["0.0313300", "22321"], ["0.0313100", "235631"], ["0.0313000", "664854"], ["0.0312900", "7996"], ["0.0312800", "625076"], ["0.0312700", "39531"], ["0.0312500", "185633"], ["0.0312400", "20234"], ["0.0312300", "294984"], ["0.0312200", "245785"], ["0.0312100", "204899"], ["0.0312000", "4487"], ["0.0311900", "7777"], ["0.0311800", "150965"], ["0.0311700", "167"], ["0.0311600", "211535"], ["0.0311500", "389831"], ["0.0311300", "7955"], ["0.0311100", "337"], ["0.0311000", "145980"], ["0.0310900", "96783"], ["0.0310600", "286864"], ["0.0310500", "483813"], ["0.0310400", "30332"], ["0.0310200", "180928"], ["0.0310000", "223701"], ["0.0309900", "7777"], ["0.0309800", "678219"], ["0.0309700", "521"], ["0.0309600", "22609"], ["0.0309500", "178"], ["0.0309400", "153391"], ["0.0309300", "400771"]], "asks": [["0.0320300", "14586"], ["0.0320400", "51382"], ["0.0320500", "45985"], ["0.0320600", "111091"], ["0.0320700", "248782"], ["0.0320800", "131579"], ["0.0320900", "231171"], ["0.0321000", "80418"], ["0.0321100", "146369"], ["0.0321200", "165986"], ["0.0321300", "98370"], ["0.0321400", "167721"], ["0.0321500", "130106"], ["0.0321600", "55940"], ["0.0321700", "65569"], ["0.0321800", "39926"], ["0.0321900", "73045"], ["0.0322000", "29761"], ["0.0322100", "144371"], ["0.0322200", "75946"], ["0.0322300", "115663"], ["0.0322400", "87292"], ["0.0322500", "106093"], ["0.0322600", "76107"], ["0.0322700", "43676"], ["0.0322800", "76375"], ["0.0322900", "44926"], ["0.0323000", "41392"], ["0.0323100", "76700"], ["0.0323200", "13905"], ["0.0323300", "91711"], ["0.0323400", "84557"], ["0.0323500", "12178"], ["0.0323600", "92351"], ["0.0323800", "76538"], ["0.0323900", "229487"], ["0.0324000", "5749"], ["0.0324100", "92886"], ["0.0324200", "868"], ["0.0324400", "13775"], ["0.0324500", "212098"], ["0.0324600", "33007"], ["0.0324700", "12320"], ["0.0324800", "515"], ["0.0324900", "71779"], ["0.0325000", "12311"], ["0.0325100", "15579"], ["0.0325200", "853"], ["0.0325300", "6173"], ["0.0325400", "13725"], ["0.0325500", "89598"], ["0.0325600", "4888"], ["0.0325700", "1264"], ["0.0325800", "172553"], ["0.0325900", "70349"], ["0.0326000", "839"], ["0.0326100", "147146"], ["0.0326200", "513"], ["0.0326300", "146940"], ["0.0326400", "850"], ["0.0326500", "322743"], ["0.0326600", "512"], ["0.0326800", "269530"], ["0.0326900", "321"], ["0.0327000", "157"], ["0.0327100", "453259"], ["0.0327300", "167803"], ["0.0327500", "107480"], ["0.0327600", "336"], ["0.0327700", "151253"], ["0.0327800", "320"], ["0.0327900", "289314"], ["0.0328000", "324"], ["0.0328100", "146151"], ["0.0328300", "145455"], ["0.0328700", "319"], ["0.0328800", "251465"], ["0.0328900", "5227"], ["0.0329000", "331067"], ["0.0329100", "157"], ["0.0329200", "21255"], ["0.0329400", "7777"], ["0.0329500", "142692"], ["0.0329600", "178"], ["0.0329700", "318"], ["0.0329800", "570"], ["0.0330000", "31974"], ["0.0330100", "143049"], ["0.0330200", "145222"], ["0.0330400", "137409"], ["0.0330500", "777151"], ["0.0330600", "8094"], ["0.0330700", "51353"], ["0.0331100", "8110"], ["0.0331400", "10432"], ["0.0331500", "648"], ["0.0331700", "147573"], ["0.0332000", "424905"], ["0.0332200", "1512"], ["0.0332400", "25053"]], "timestamp": "2024-12-23T19:58:02.213422"}, {"lastUpdateId": 6221939634407, "E": 1734983888152, "T": 1734983888129, "bids": [["0.0320000", "12000"], ["0.0319900", "24754"], ["0.0319800", "51821"], ["0.0319700", "84777"], ["0.0319600", "138140"], ["0.0319500", "258352"], ["0.0319400", "215342"], ["0.0319300", "137520"], ["0.0319200", "210854"], ["0.0319100", "92002"], ["0.0319000", "172602"], ["0.0318900", "73472"], ["0.0318800", "144689"], ["0.0318700", "145441"], ["0.0318600", "224971"], ["0.0318500", "51155"], ["0.0318400", "99892"], ["0.0318300", "45719"], ["0.0318200", "65590"], ["0.0318100", "42336"], ["0.0318000", "134489"], ["0.0317900", "245364"], ["0.0317800", "84221"], ["0.0317700", "123828"], ["0.0317600", "95443"], ["0.0317500", "171745"], ["0.0317400", "82312"], ["0.0317300", "197659"], ["0.0317200", "135298"], ["0.0317100", "183085"], ["0.0317000", "89433"], ["0.0316900", "15744"], ["0.0316800", "104721"], ["0.0316700", "26425"], ["0.0316600", "8298"], ["0.0316500", "63952"], ["0.0316400", "3576"], ["0.0316300", "169371"], ["0.0316200", "12650"], ["0.0316100", "75718"], ["0.0316000", "64831"], ["0.0315900", "63192"], ["0.0315800", "106850"], ["0.0315700", "1573"], ["0.0315600", "247504"], ["0.0315500", "64012"], ["0.0315400", "218337"], ["0.0315300", "349"], ["0.0315200", "1123607"], ["0.0315100", "84596"], ["0.0315000", "24863"], ["0.0314900", "293612"], ["0.0314800", "857"], ["0.0314700", "38946"], ["0.0314600", "40045"], ["0.0314500", "378148"], ["0.0314300", "570"], ["0.0314200", "520"], ["0.0314100", "301938"], ["0.0314000", "8116"], ["0.0313900", "151863"], ["0.0313800", "157744"], ["0.0313700", "411027"], ["0.0313600", "450406"], ["0.0313500", "1824"], ["0.0313400", "361535"], ["0.0313300", "22321"], ["0.0313100", "235631"], ["0.0313000", "664854"], ["0.0312900", "7996"], ["0.0312800", "625076"], ["0.0312700", "39531"], ["0.0312500", "185633"], ["0.0312400", "20234"], ["0.0312300", "294984"], ["0.0312200", "245785"], ["0.0312100", "204899"], ["0.0312000", "4487"], ["0.0311900", "7777"], ["0.0311800", "150965"], ["0.0311700", "167"], ["0.0311600", "211535"], ["0.0311500", "389831"], ["0.0311300", "7955"], ["0.0311100", "337"], ["0.0311000", "145980"], ["0.0310900", "96783"], ["0.0310600", "286864"], ["0.0310500", "483813"], ["0.0310400", "30332"], ["0.0310200", "180928"], ["0.0310000", "223701"], ["0.0309900", "7777"], ["0.0309800", "678219"], ["0.0309700", "521"], ["0.0309600", "22609"], ["0.0309500", "178"], ["0.0309400", "153391"], ["0.0309300", "400771"], ["0.0309100", "156627"]], "asks": [["0.0320100", "11179"], ["0.0320200", "48503"], ["0.0320300", "71140"], ["0.0320400", "110431"], ["0.0320500", "216459"], ["0.0320600", "268400"], ["0.0320700", "73489"], ["0.0320800", "152863"], ["0.0320900", "239567"], ["0.0321000", "127146"], ["0.0321100", "146027"], ["0.0321200", "158988"], ["0.0321300", "21458"], ["0.0321400", "75144"], ["0.0321500", "123506"], ["0.0321600", "22932"], ["0.0321700", "107041"], ["0.0321800", "104787"], ["0.0321900", "73045"], ["0.0322000", "29761"], ["0.0322100", "111308"], ["0.0322200", "75946"], ["0.0322300", "82600"], ["0.0322400", "54271"], ["0.0322500", "106093"], ["0.0322600", "76107"], ["0.0322700", "43676"], ["0.0322800", "76375"], ["0.0322900", "44926"], ["0.0323000", "41392"], ["0.0323100", "76700"], ["0.0323200", "13905"], ["0.0323300", "91711"], ["0.0323400", "84557"], ["0.0323500", "12178"], ["0.0323600", "92351"], ["0.0323800", "64538"], ["0.0323900", "229487"], ["0.0324000", "5749"], ["0.0324100", "92886"], ["0.0324200", "868"], ["0.0324400", "13775"], ["0.0324500", "212098"], ["0.0324600", "33007"], ["0.0324700", "12320"], ["0.0324800", "515"], ["0.0324900", "71779"], ["0.0325000", "12311"], ["0.0325100", "15579"], ["0.0325200", "853"], ["0.0325300", "6173"], ["0.0325400", "13725"], ["0.0325500", "89598"], ["0.0325600", "4888"], ["0.0325700", "1264"], ["0.0325800", "172553"], ["0.0325900", "70349"], ["0.0326000", "839"], ["0.0326100", "147146"], ["0.0326200", "513"], ["0.0326300", "146940"], ["0.0326400", "850"], ["0.0326500", "322743"], ["0.0326600", "512"], ["0.0326800", "269530"], ["0.0326900", "321"], ["0.0327000", "157"], ["0.0327100", "453259"], ["0.0327300", "167803"], ["0.0327500", "107480"], ["0.0327600", "336"], ["0.0327700", "151253"], ["0.0327800", "320"], ["0.0327900", "438590"], ["0.0328000", "324"], ["0.0328100", "146151"], ["0.0328300", "145455"], ["0.0328700", "319"], ["0.0328800", "251465"], ["0.0328900", "5227"], ["0.0329000", "331067"], ["0.0329100", "157"], ["0.0329200", "21255"], ["0.0329400", "7777"], ["0.0329500", "291289"], ["0.0329600", "178"], ["0.0329700", "318"], ["0.0329800", "570"], ["0.0330000", "31974"], ["0.0330100", "143049"], ["0.0330200", "145222"], ["0.0330400", "137409"], ["0.0330500", "777151"], ["0.0330600", "8094"], ["0.0330700", "51353"], ["0.0331100", "8110"], ["0.0331400", "10432"], ["0.0331500", "648"], ["0.0331700", "147573"], ["0.0332000", "424905"]], "timestamp": "2024-12-23T19:58:08.284399"}, {"lastUpdateId": 6221942710633, "E": 1734983921859, "T": 1734983921852, "bids": [["0.0319800", "4876"], ["0.0319700", "40197"], ["0.0319600", "44145"], ["0.0319500", "96519"], ["0.0319400", "185878"], ["0.0319300", "73554"], ["0.0319200", "173667"], ["0.0319100", "226621"], ["0.0319000", "111959"], ["0.0318900", "141077"]], "asks": [["0.0320000", "31674"], ["0.0320100", "64391"], ["0.0320200", "43521"], ["0.0320300", "107334"], ["0.0320400", "164330"], ["0.0320500", "206138"], ["0.0320600", "256874"], ["0.0320700", "167368"], ["0.0320800", "127827"], ["0.0320900", "172327"]], "timestamp": "2024-12-23T19:58:42.039111"}, {"lastUpdateId": 6221943149287, "E": 1734983927719, "T": 1734983927714, "bids": [["0.0319800", "4205"], ["0.0319700", "40197"], ["0.0319600", "44145"], ["0.0319500", "73888"], ["0.0319400", "102587"], ["0.0319300", "174092"], ["0.0319200", "173667"], ["0.0319100", "226621"], ["0.0319000", "111959"], ["0.0318900", "141077"]], "asks": [["0.0320000", "30714"], ["0.0320100", "75741"], ["0.0320200", "44445"], ["0.0320300", "127942"], ["0.0320400", "243022"], ["0.0320500", "220206"], ["0.0320600", "198510"], ["0.0320700", "167368"], ["0.0320800", "127827"], ["0.0320900", "172327"]], "timestamp": "2024-12-23T19:58:48.051627"}, {"lastUpdateId": 6221943749366, "E": 1734983933211, "T": 1734983933203, "bids": [["0.0319800", "4205"], ["0.0319700", "38550"], ["0.0319600", "47468"], ["0.0319500", "74299"], ["0.0319400", "99770"], ["0.0319300", "178392"], ["0.0319200", "173667"], ["0.0319100", "226621"], ["0.0319000", "111959"], ["0.0318900", "141077"]], "asks": [["0.0319900", "10131"], ["0.0320000", "29245"], ["0.0320100", "49788"], ["0.0320200", "77069"], ["0.0320300", "183854"], ["0.0320400", "243208"], ["0.0320500", "212379"], ["0.0320600", "144150"], ["0.0320700", "186286"], ["0.0320800", "127641"]], "timestamp": "2024-12-23T19:58:53.480866"}, {"lastUpdateId": 6221944220157, "E": 1734983938649, "T": 1734983938635, "bids": [["0.0319900", "12000"], ["0.0319800", "20055"], ["0.0319700", "46388"], ["0.0319600", "44761"], ["0.0319500", "31506"], ["0.0319400", "113087"], ["0.0319300", "244117"], ["0.0319200", "93122"], ["0.0319100", "226621"], ["0.0319000", "111959"]], "asks": [["0.0320000", "2776"], ["0.0320100", "46663"], ["0.0320200", "49916"], ["0.0320300", "137096"], ["0.0320400", "242464"], ["0.0320500", "254813"], ["0.0320600", "191427"], ["0.0320700", "160108"], ["0.0320800", "95338"], ["0.0320900", "171393"]], "timestamp": "2024-12-23T19:58:58.857282"}, {"lastUpdateId": 6221944827686, "E": 1734983944108, "T": 1734983944094, "bids": [["0.0319900", "12000"], ["0.0319800", "26480"], ["0.0319700", "50879"], ["0.0319600", "51471"], ["0.0319500", "30338"], ["0.0319400", "99996"], ["0.0319300", "143579"], ["0.0319200", "124136"], ["0.0319100", "176249"], ["0.0319000", "111959"]], "asks": [["0.0320000", "529"], ["0.0320100", "50101"], ["0.0320200", "49916"], ["0.0320300", "128128"], ["0.0320400", "151893"], ["0.0320500", "150724"], ["0.0320600", "191246"], ["0.0320700", "128515"], ["0.0320800", "89050"], ["0.0320900", "128061"]], "timestamp": "2024-12-23T19:59:04.319599"}, {"lastUpdateId": 6221945516534, "E": 1734983949528, "T": 1734983949515, "bids": [["0.0319900", "33377"], ["0.0319800", "65360"], ["0.0319700", "49941"], ["0.0319600", "75461"], ["0.0319500", "84920"], ["0.0319400", "97971"], ["0.0319300", "148860"], ["0.0319200", "139586"], ["0.0319100", "164249"], ["0.0319000", "112272"]], "asks": [["0.0320100", "32885"], ["0.0320200", "45390"], ["0.0320300", "76285"], ["0.0320400", "179202"], ["0.0320500", "139322"], ["0.0320600", "120400"], ["0.0320700", "120831"], ["0.0320800", "51733"], ["0.0320900", "128061"], ["0.0321000", "171486"]], "timestamp": "2024-12-23T19:59:09.725041"}, {"lastUpdateId": 6221946232399, "E": 1734983954916, "T": 1734983954903, "bids": [["0.0320000", "15215"], ["0.0319900", "60628"], ["0.0319800", "58640"], ["0.0319700", "71107"], ["0.0319600", "111521"], ["0.0319500", "83405"], ["0.0319400", "97751"], ["0.0319300", "148860"], ["0.0319200", "139586"], ["0.0319100", "211256"]], "asks": [["0.0320200", "30423"], ["0.0320300", "78678"], ["0.0320400", "167792"], ["0.0320500", "108305"], ["0.0320600", "120214"], ["0.0320700", "228245"], ["0.0320800", "51547"], ["0.0320900", "128061"], ["0.0321000", "171486"], ["0.0321100", "162065"]], "timestamp": "2024-12-23T19:59:15.099611"}, {"lastUpdateId": 6221946706166, "E": 1734983960277, "T": 1734983960235, "bids": [["0.0320000", "28552"], ["0.0319900", "60628"], ["0.0319800", "66129"], ["0.0319700", "72747"], ["0.0319600", "102387"], ["0.0319500", "100054"], ["0.0319400", "165851"], ["0.0319300", "68315"], ["0.0319200", "139586"], ["0.0319100", "211256"]], "asks": [["0.0320200", "26018"], ["0.0320300", "66508"], ["0.0320400", "74410"], ["0.0320500", "128727"], ["0.0320600", "200429"], ["0.0320700", "228245"], ["0.0320800", "51547"], ["0.0320900", "128061"], ["0.0321000", "171486"], ["0.0321100", "162065"]], "timestamp": "2024-12-23T19:59:20.490021"}, {"lastUpdateId": 6221947281720, "E": 1734983965707, "T": 1734983965693, "bids": [["0.0320000", "13598"], ["0.0319900", "56098"], ["0.0319800", "66129"], ["0.0319700", "75562"], ["0.0319600", "102387"], ["0.0319500", "100054"], ["0.0319400", "165851"], ["0.0319300", "68129"], ["0.0319200", "139586"], ["0.0319100", "211256"]], "asks": [["0.0320200", "25935"], ["0.0320300", "82821"], ["0.0320400", "74596"], ["0.0320500", "111538"], ["0.0320600", "200243"], ["0.0320700", "228431"], ["0.0320800", "51733"], ["0.0320900", "128247"], ["0.0321000", "171300"], ["0.0321100", "162065"]], "timestamp": "2024-12-23T19:59:25.873053"}, {"lastUpdateId": 6221947704232, "E": 1734983970912, "T": 1734983970900, "bids": [["0.0320000", "1962"], ["0.0319900", "55654"], ["0.0319800", "66580"], ["0.0319700", "74268"], ["0.0319600", "102387"], ["0.0319500", "104165"], ["0.0319400", "165293"], ["0.0319300", "67385"], ["0.0319200", "139586"], ["0.0319100", "211256"]], "asks": [["0.0320100", "12133"], ["0.0320200", "50195"], ["0.0320300", "80242"], ["0.0320400", "74596"], ["0.0320500", "111724"], ["0.0320600", "200615"], ["0.0320700", "228803"], ["0.0320800", "51733"], ["0.0320900", "128247"], ["0.0321000", "171300"]], "timestamp": "2024-12-23T19:59:31.243565"}, {"lastUpdateId": 6221948226415, "E": 1734983976422, "T": 1734983976404, "bids": [["0.0320000", "14760"], ["0.0319900", "59228"], ["0.0319800", "66129"], ["0.0319700", "71453"], ["0.0319600", "105203"], ["0.0319500", "101349"], ["0.0319400", "165293"], ["0.0319300", "67385"], ["0.0319200", "139586"], ["0.0319100", "211256"]], "asks": [["0.0320200", "28274"], ["0.0320300", "80242"], ["0.0320400", "74596"], ["0.0320500", "143585"], ["0.0320600", "200615"], ["0.0320700", "197789"], ["0.0320800", "51733"], ["0.0320900", "128247"], ["0.0321000", "171300"], ["0.0321100", "162065"]], "timestamp": "2024-12-23T19:59:36.606748"}]